@article{thornberg,
    author = { Robert   Thornberg },
    title = {A study of children’s conceptions of school rules by investigating their judgements of transgressions in the absence of rules},
    journal = {Educational Psychology},
    volume = {30},
    number = {5},
    pages = {583-603},
    year  = {2010},
    publisher = {Routledge},
    doi = {10.1080/01443410.2010.492348},
    URL = { https://doi.org/10.1080/01443410.2010.492348 },
    eprint = {  https://doi.org/10.1080/01443410.2010.492348 0}
}

@book{turiel,
    author = {Elliot Turiel},
    title = {The Development of Social Knowledge: Morality and Convention},
    year = {1983},
    edition = {First Edition},
    publisher = {Cambridge University Press}
}

@online{davidrogers,
    author = {David Rogers},
    title = {Enciclopedia Jurídica},
    year = {2020},
    url = {www.enciclopedia-juridica.com/d/reglamento/reglamento.htm},
    urldate = {2020-05-15}
}

@book{lopezruiz,
    author = {López Ruiz Miguel},
    title = {Redacción Legislativa},
    year = {2002},
    edition = {Primera Edición},
    publisher = {Senado de la República}
}

@inproceedings{jinwonrong,
    author = {Ho, Jinwon and Tang, Rong},
    title = {Towards an Optimal Resolution to Information Overload: An Infomediary Approach},
    year = {2001},
    isbn = {1581132948},
    publisher = {Association for Computing Machinery},
    address = {New York, NY, USA},
    url = {https://doi.org/10.1145/500286.500302},
    doi = {10.1145/500286.500302},
    booktitle = {Proceedings of the 2001 International ACM SIGGROUP Conference on Supporting Group Work},
    pages = {91–96},
    numpages = {6},
    keywords = {information quantity, information format, information quality, infomediary, information overload},
    location = {Boulder, Colorado, USA},
    series = {GROUP ’01}
}

@book{rae,
    title = {REAL ACADEMIA ESPAÑOLA: Diccionario de la lengua española},
    edition = {23.ª},
    url = {https://dle.rae.es},
    urldate = {2020-05-20}
}

@online{riverarobles,
    author = {María Teresa Rivera Robles},
    title = {Marco Jurídico},
    journaltitle = {diccionario.leyderecho.org},
    year = {2017},
    url = {https://diccionario.leyderecho.org/marco-juridico/},
    urldate = {2020-05-15}
}

@online{diccionariomarconormativo,
    author = {Adriana Acosta},
    title = {Marco Normativo},
    journaltitle = {diccionario.leyderecho.org},
    year = {2016},
    url = {https://leyderecho.org/marco-normativo/},
    urldate = {2020-05-15}
}

@book{russelnorvig,
    author = {Russel, Stuart and Norvig, Peter},
    title = {Artificial Intelligence: A Modern Approach},
    year = {2010},
    edition = {Third Edition},
    publisher = {Prentice Hall}
}

@book{murphypkevin,
    author = {Murphy P., Kevin},
    title = {Machine Learning: A Probabilistic Perspective},
    year = {2010},
    edition = {Third Edition},
    publisher = {MIT Press}
}

@book{zhaimassung,
    author = {Zhai, ChengXiang and Massung, Sean},
    title = {Text Data Management and Analysis: A Practical Introduction to Information Retrieval and Text Mining},
    year = {2016},
    edition = {First Edition},
    publisher = {ACM Books}
}

@book{dipanjan,
    author = {Dipanjan Sarkar},
    title = {Text Analytics with Python: A Practical Real World Approach to Gaining Actionable Insights From Your Data},
    year = {2019},
    publisher = {APRESS}
}

@InCollection{sep-word-meaning,
	author       =	{Gasparri, Luca and Marconi, Diego},
	title        =	{Word Meaning},
	booktitle    =	{The Stanford Encyclopedia of Philosophy},
	editor       =	{Edward N. Zalta},
	howpublished =	{\url{https://plato.stanford.edu/archives/fall2019/entries/word-meaning/}},
	year         =	{2019},
	edition      =	{Fall 2019},
	publisher    =	{Metaphysics Research Lab, Stanford University}
}

@inproceedings{fernando2008semantic,
  title={A semantic similarity approach to paraphrase detection},
  author={Fernando, Samuel and Stevenson, Mark},
  booktitle={Proceedings of the 11th annual research colloquium of the UK special interest group for computational linguistics},
  pages={45--52},
  year={2008}
}

@inproceedings{batetsanchesvalls2010semantic,
  title={An ontology-based measure to compute semantic similarity in biomedicine},
  author={Montserrat Batet and David Sánchez and Aida Valls},
  booktitle={Journal of Biomedical Informatics},
  year={2010}
}
